@inproceedings{Fail2ban,
  author = {C. C. Teng and J. W. Gong and Y. S. Wang and C. P. Chuang and M. C. Chen},
  title = {Firmware over the Air for Home Cybersecurity in the Internet of Things},
  booktitle = {19th Asia-Pacific Network Operations and Management Symposium: Managing a World of Things, APNOMS 2017},
  year = {2017},
  pages = {123--128},
  doi = {10.1109/APNOMS.2017.8094190}
}

@online{Docker,
  title = {Docker - Offizielle Webseite},
  url = {https://www.docker.com/},
  urldate = {2024-04-15},
  year = 2024
}

@online{ddclient,
  title = {ddclient - A Perl client used to update dynamic DNS entries},
  url = {https://ddclient.net/},
  urldate = {2024-04-15},
  year = 2024
}

@online{ubuntu,
  title = {Ubuntu - Offizielle Webseite},
  url = {https://ubuntu.com/},
  urldate = {2024-04-15},
  year = 2024
}

@online{MQTT,
  title = {MQTT - The Standard for IoT Messaging - Website},
  url = {https://mqtt.org/},
  urldate = {2024-04-13}
}

@online{Mailcow,
  title = {Mailcow - Website},
  url = {https://docs.mailcow.email/},
  urldate = {2024-04-13}
}

@online{Raspberry,
  title = {Raspberry Pi},
  url = {https://www.raspberrypi.com/},
  urldate = {2024-04-13}
}

@online{Raspberry_camera,
  title = {Raspberry Pi Documentation},
  url = {https://www.raspberrypi.com/documentation/accessories/camera.html},
  urldate = {2024-04-13}
}

@online{Matrix,
  title = {Matrix},
  url = {https://matrix.org/},
  urldate = {2024-04-13}
}

@online{QT,
  title = {QT Framework},
  url = {https://www.qt.io/product/framework/},
  urldate = {2024-04-13}
}

@online{Yolo,
  title = {Yolo},
  url = {https://docs.ultralytics.com/},
  urldate = {2024-04-13}
}

@online{Python,
  title = {Python},
  url = {https://www.python.org/},
  urldate = {2024-04-13}
}

@software{kumar_uttej2001image-based-human-fall-detection_2024,
	title = {uttej2001/Image-based-Human-Fall-Detection},
	rights = {{MIT}},
	url = {https://github.com/uttej2001/Image-based-Human-Fall-Detection},
	abstract = {Here I integrated the {YOLOv}5 object detection algorithm with my own created dataset which consists of human activity images to achieve low cost, high accuracy, and real-time computing requirements},
	author = {{KUMAR}, {UTTEJ}},
	urldate = {2024-04-25},
	date = {2024-04-22},
	note = {original-date: 2022-01-07T05:39:25Z},
	keywords = {fall-dataset, fall-detection, image-based-fall-detection, object-based-detection, yolov5},
}


@online{noauthor_make_nodate,
	title = {Make Sense},
	url = {https://www.makesense.ai/},
	urldate = {2024-04-25},
	file = {Make Sense:/home/niklas/Zotero/storage/76M8S9YL/www.makesense.ai.html:text/html},
}
